<?xml version="1.0" encoding="UTF-8"?><record xmlns="http://www.loc.gov/MARC21/slim" xmlns:cinclude="http://apache.org/cocoon/include/1.0" xmlns:zs="http://www.loc.gov/zing/srw/">
  <leader>00341cz  a2200121n  4500</leader>
  <controlfield tag="001">n 2006049610</controlfield>
  <controlfield tag="003">DLC</controlfield>
  <controlfield tag="005">20060623123828.0</controlfield>
  <controlfield tag="008">060623n| acannaabn          |n aaa      </controlfield>
  <datafield tag="010" ind1=" " ind2=" ">
    <subfield code="a">n 2006049610</subfield>
  </datafield>
  <datafield tag="040" ind1=" " ind2=" ">
    <subfield code="a">DLC</subfield>
    <subfield code="b">eng</subfield>
    <subfield code="c">DLC</subfield>
  </datafield>
  <datafield tag="100" ind1="0" ind2=" ">
    <subfield code="a">Ke (Ton tanʺ prā)</subfield>
  </datafield>
  <datafield tag="670" ind1=" " ind2=" ">
    <subfield code="a">Sonʻ ranʺ mracʻ kui sak se taññʻ r*, 2004:</subfield>
    <subfield code="b">t.p. (Ke (Ton tanʺ prā))</subfield>
  </datafield>
</record>